%%%%%%%%%%%%%%%%%%%%%%%%%%%%%%%%%%%%%%
%%  Vorlage einer Bibtex Datenbank  %%
%%%%%%%%%%%%%%%%%%%%%%%%%%%%%%%%%%%%%%



@InCollection{Essam:72,
  author = 	 {J. W. Essam},
  title = 	 {Percolation and Cluster Size},
  booktitle = 	 {Phase Transition and Critical Phenomena},
  publisher = {Academic Press London},
  year = 	 {1972},
  editor = 	 {C. Domb and M. S. Green},
  volume = 	 {2},
pages = {197-270}
}

@unpublished{Marck:03,
  author      = { S. van der Marck},
  note        = {private communication                },
  year        = { 2003                                  },
  title={The site and bond percolation thresholds of the Archimedean lattices and their duals}
}
@article{Marck:97,
  author      = { S. van der Marck},
  title        = { Percolation thresholds an universal formulas    },
  year        = { 1997               },
   journal   = {Phys. Rev. E},
   volume    = {55},
   number    = {2},
   pages     = {1514-1517}
}
@article{Tarasevich:99,
  author      = { Y. Y. Tarasevich and S. van der Marck},
  title        = { An investigation of site-bond percolation on many lattices},
  year        = { 1999},
   journal   = {Int. J. of Modern Physics C},
   volume    = {10},
   number    = {7},
   pages     = {1193-1204}
}
@article{Yonezawa:88,
  author      = { F. Yonezawa and S. Sakamoto and S. Nos\'e and M. Hori},
  title        = { Percolation in Pensose Tiling ans its Dual  },
  year        = { 1988},
   journal   = {J. of Non-Crystalline Solids},
   volume    = {106},
   pages     = {262-269}
}
@article{Mecke:91,
author= {K. R. Mecke and H. Wagner}, 
title={ Euler characteristic and related measures for random geometric sets}, 
journal={J. Stat. Phys.},
volume= { 64},
pages= {843},
year={1991}
}
@article{Mecke:02,
author={K. Mecke and A. Seyfried},
title={ Strong dependence of percolation thresholds on polydispersity},
journal={Europhys. Lett.},
volume= {58},
issue={1}, 
pages={28--34},
year={2002}
}
@article{Balberg:91,
author={U.Alon and I. Balberg and A. Drory},
title={New, Heuristic, Percolation Criterion for Continuum Systems},
journal={Phys. Rev. Lett.},
volume={ 66},
pages={ 2879--2882},
year={1991}
}

@article{Mertens:90,
   author    = {Stephan Mertens},
   title     = {Lattice Animals: A Fast Enumeration Algorithm and New Perimeter Polynomials},
   journal   = {J.~Stat.~Phys.},
   year      = {1990},
   volume    = {58},
   number    = {5/6},
   pages     = {1095-1108}
}

@inCollection{Wierman:90,
   author    = {J. C. Wierman},
   editor = {G. R. Grimmett and D. J. A. Welsh},
   booktitle = {Disorder in Physics -- A Volume in Honour of John M. Hammersley },
   title     = {Bond percolation critical probability bounds for the Kagom\'e lattice by a substitution method},
   journal   = {In Grimmett and Welsh},
   year      = {1990},
   pages     = {349-360},
   publisher = {Clarendon Press}
} 
@article{Wierman:95,
   author    = {J. C. Wierman},
   title     = {Substitution method critical probability bounds for the square lattice site percolation model},
   journal   = {Combinatorics, Probability and Computing},
   year      = {1995},
   volume    = {4},
   pages     = {181-188}
}
@article{Luczak:88,
   author    = {T. Luczak and J. C. Wierman},
   title     = {Critical probability bounds for two-dimensional site percolation models},
   journal   = {J. of Phys. A},
   year      = {1988},
   volume    = {21},
   pages     = {3131-3138}
}

@article{Wierman:84,
   author    = {J. C. Wierman},
   title     = {A bond percolation critical probability determination based on the star-triangle transformation},
   journal   = {J.~Phys. A.},
   year      = {1984},
   volume    = {17},
   pages     = {1525-1530}
}
@article{Fortuin:72,
   author    = {C. M. Fortuin and P. W. Kastelyn},
   title     = {The Random Cluster Model I},
   journal   = {Physica},
   year      = {1972},
   volume    = {57},
   pages     = {536}
}

@article{Banchoff:70,
   author    = {T.F. Banchoff},
   title     = {Critical Points and Curvature for embedded polyhedral Surfaces},
   journal   = {Fundamenta Mathematicae},
   year      = {1970},
   pages     = {475}
}
@book{Grimmett:99,
  author      = { G. R. Grimmett },
  title       = { Percolation },
  publisher   = {Springer},
  year        = { 1999                             }
}

@book{Zallen:83,
  author      = { R. Zallen },
  title       = { The Physics of Amorphous Solids },
  publisher   = {John Wiley \& Sons},
  year        = { 1983                   }
}
@book{Milnor:68,
  author      = { J. Milnor },
  title       = { Morse Theory },
  publisher   = {Princeton University Press},
  year        = { 1969                             }
}

@book{Hughes:96,
  author      = { B. D. Hughes },
  title       = { Random Walks and Random Environments },
  volume      = {2},
  publisher   = {Oxford Science Publications},
  year        = { 1999                             }
}
@book{Meester:96,
  author      = { R. Meester and R. Roy },
  title       = { Continuum percolation },
  publisher   = {Cambrigde University Press},
  year        = { 1996                           }
}
@article{Hsu:99,
  author    = { H.P. Hsu and M.C. Huang  },
  title     = { Percolation thresholds, critical exponents, and scaling functions on planar random lattices and their duals},
  journal   = {Phys. Rev. E},
  year      = { 1999              },
  volume    = { 60              },
  pages     = { 6361          }
}
@article{Suding:99,
  author    = { P.N. Suding and R.M. Ziff   },
  journal   = {Phys. Rev. E},
  year      = { 1999              },
  volume    = {60              },
  pages     = { 275--283          },
  title     = { Site percolation thresholds for Archimedean lattices}
}

@article{Scher:70,
  author    = { H. Scher and R. Zallen   },
  journal   = {J. Chem. Phys},
  year      = { 1970              },
  volume    = {53              },
  pages     = { 3759         },
}
@book{Stoyan:96,
  author      = { D. Stoyan, W.S. Kendall, J. Mecke },
  title       = { Stochastic Geometry and its Applications                },
  publisher   = {WILEY},
  year        = { 1996                                 }
}

@book{Jung:00,
  author      = { T. Jung },
  title       = {Statistische Morphologie bei Perkolationsmodellen  },
  publisher   = {Diplomarbeit an der LMU},
  year        = { 2000                              }
}
@book{Bredon:93,
  author      = { G.E. Bredon },
  title       = {Topology and Geometry  },
  publisher   = {Springer-Verlag},
  year        = { 1993                      }
}
@book{Santalo:76,
  author      = { L.A. Santal\'o },
  title       = {Integral Geometry and Geometric Probability },
  publisher   = {Addison-Wesley},
  year        = { 1976               }
}
@book{Bollobas:98,
  author = 	 {B. Bollob\'as},
  title = 	 {Modern Graph Theory},
  year = 	 {1998},
publisher = {Springer}
}

@book{Hadwinger:57,
  author      = { H. Hadwinger },
  title       = {Vorlesungen \"uber Inhalt, Oberfl"ache und Isoperimetrie   },
  publisher   = {Springer, Berlin},
  year        = { 1957                      }
}
@book{Gruenbaum:86,
  author      = { Gr\"{u}nbaum and Shepart },
  title       = { Tilings and Patterns                       },
 publisher = { W. H. Freeman and Company},
  year        = { 1986                                  }
}
@article{Essam:79,
  author    = { J.W. Essam   },
  journal   = {J. of Math. Phys.},
  title     = { Potts models, percolation, and duality    },
  year      = { 1979              },
  volume    = { 20            },
  pages     = { 1769--1773         }
}
@article{Hadwinger:55,
  author    = { H. Hadwiger   },
  journal   = {J. Reine und Angew. Math. },
  year      = { 1955              },
  volume    = { 194            },
  pages     = { 101--110        }
}
@book{Autor3:74,
    author    = { Rainer Unsinn and Axel Schweiss and Vladimir Klitschko},
    title     = { Ein eleganter Titel        },
    publisher = { Princeton University Press },
    address   = { Princeton                  },
    year      = { 1974                       }
}
@article{Sykes:64,
  author    = { M.F. Sykes and J.W. Essam  },
  journal   = {J. of Math. Phys.},
  title     = { Exact Critical Percolation Probabilities for Site and Bond Problems in Two Dimensions },
  year      = { 1964              },
  volume    = { 5                },
  pages     = {    1117--1127        }
}

@article{Likos:95,
  author    = { C.N. Likos and  K.R. Mecke and  H. Wagner   },
  journal   = {J.Chem.Phys.},
  title     = { Statistical morphology of random interfaces in microemulsions },
  year      = { 1995              },
  volume    = { 102           },
  pages     = { 9350--9361       }
}


@Article{Grimmett:81,
  author = 	 {G.R. Grimmett},
  title = 	 {On the Differentiability of the Number of Clusters per Vertex in the Percolation Model},
  journal = 	 {J. London Math. Soc.},
  year = 	 {1981},
  volume = 	 {2},
  pages = 	 {372--384}
}


@book{Stauffer:95,
  author      = { D. Stauffer and A. Aharony },
  title       = { Perkolationstheorie               },
  publisher   = {VCH},
  year        = { 1995                                 }
}

@Article{Newman:01,
  author = 	 {M.E.J. Newman and R.M. Ziff},
  title = 	 {Fast Monta Carlo algorithm for site or bond percolation},
  journal = 	 {Phys. Rev. E},
  year = 	 {2001},
  volume = 	 {64},
  pages = 	 {016706},
}


@book{Mecke:94,
  author      = { K. R. Mecke },
  title       = { Integralgeometrie in der Statistischen Physik },
  publisher   = {Verlag Harri Deutsch},
  year        = { 1994                                 }
}

@unpublished{Wagner:02,
  author = 	 {H. Wagner and K. Mecke},
  title = 	 {Euler Characteristic for Archimedean lattices},
  note        = {private communication                },
  year        = { 2002                                  },
}

@article{Yanuka:90,
  author    = { M. Yanuka and R. Englman },
  journal   = {J. Phys. A},
  title     = { Bond-site percolation: empirical represantation of critical propabilities },
  year      = { 1990  },
  volume    = {23  },
  pages     = {L339--L345}
}
@article{Coniglio:77,
  author    = {A. Coniglio and C. Rosanna and F. Peruggi and L. Russo},
  journal   = {J. Phys. A},
  title     = { Percolation points and critical point in the Ising model },
  year      = { 1977  },
  volume    = {10 },
  pages     = {205-216}
}

@book{Saskin:89,
  author      = { Ju. A. \u{S}a\u{s}kin },
  title       = { Ecken, Kanten, Fl\"achen },
  publisher   = {Verlag Harri Deutsch},
  year        = { 1989 }
}

@article{Essam:70,
  author    = { J. W. Essam and M. E. Fisher},
  journal   = {Reviews of Modern Physics},
  title     = {Some Basic Definitions in Graph Theory },
  year      = { 1970},
  volume    = {42},
  pages     = {272-288}
}

@book{Weygaert:91,
  author      = {Rien van de Weygaert },
  title       = {Voids and the Geometry of large scale Structure },
  publisher   = {Phd. thesis},
  year        = { 1991                        }
}

@article{Menshikov:89,
author={M. V. Men'shikov and K. D. Pelikh},
title={Percolation with several defect types: an estimate of the critical probability},
language = {Russian},
journal={Matematicheskie Zametki},
volume={46},
pages={38-47},
year={1989}
}